3830 4992
433 323 713 412 Eturrrnra
764 327 1142 416 Aaronem„
1439 347 1519 428 417
1569 397 1572 408 .

41 514 207 620 stendit*
228 581 241 617 t
281 511 473 611 intervalla
494 553 589 610 vero
608 517 771 610 ascensus

47 637 94 718 δί
113 635 307 738 delcenl‘tu
324 646 570 727 decrementis
594 666 637 722 ac
651 647 768 720 incre·

875 533 988 616 beum
1002 539 1040 621 D
1056 549 1164 625 unius
1176 544 1321 622 circiter
1335 535 1526 644 librarum
1697 570 1702 580 „

873 671 1015 738 annexa
1032 655 1159 766 regula
1176 651 1265 736 DG.
1371 654 1378 668 ⁴
1523 681 1526 688 ’

37 759 193 852 ¹mentis
218 751 461 863 longitudinis
487 757 585 840 funis
602 773 669 835 aut
685 779 768 834 ner·
796 761 855 860 ‘30
882 761 939 848 Ex
961 767 1151 854 centroC
1170 771 1215 850 in
1240 766 1365 850 tabula
1389 754 1522 842 descri-

42 866 89 942 vi
135 865 271 980 fidium
315 871 442 957 ABD
479 867 629 980 aqualia
656 862 742 964 lunt
761 895 783 963 a¹

48 979 355 1065 instrumentum
376 987 532 1086 indicat,
559 1001 654 1066 num
682 983 777 1064 dato

55 1087 147 1176 hoc
177 1115 355 1204 tempore
381 1109 445 1184 ae'r
481 1099 565 1206 plus
600 1095 676 1180 alat
704 1097 778 1178 hu·

37 1214 220 1318 moris,
247 1239 364 1324 quam
399 1213 474 1296 alio
504 1212 649 1294 habuit.
713 1208 780 1296 Est
825 1283 827 1292 .

53 1309 511 1550 Eturdhygroscopium
554 1337 631 1436 cy·
663 1319 780 1430 197'),

118 1465 171 1520 .c.
206 1499 219 1526 .

196 1651 204 1668 ·
335 1605 489 1689 nram

9 1733 39 1806 l³·
129 1735 167 1822 st
182 1736 481 1854 hygrolcopium
507 1738 700 1838 senfibilius
715 1741 784 1824 de·

9 1887 17 1971 ξ
66 1851 226 1950 fideres,
253 1859 385 1942 funem
415 1879 482 1940 aut
508 1885 671 1942 nervum
699 1855 782 1938 fidi-

9 1987 21 2026 ··
37 1997 141 2050 aum
159 1979 255 2056 circa
274 1972 400 2082 plures
425 1974 614 2058 trochleas
641 1973 701 2072 A,
719 1972 781 2058 D,

10 2083 18 2102 '
67 2079 256 2172 EF&G
285 2089 544 2176 circumvolve
574 2087 783 2198 &reliqua

69 2191 167 2281 fiant
195 2221 240 2283 ut
260 2224 360 2292 ante.
413 2203 573 2296 Perinde
591 2229 686 2286 vero
712 2198 787 2292 esta

77 2311 156 2394 five
173 2337 297 2424 partes
313 2319 413 2400 funis
432 2318 534 2406 AB,
565 2315 657 2408 AD,
686 2310 788 2398 DE,

78 2421 171 2520 EF,
200 2425 281 2510 FG
307 2429 381 2512 sint
408 2430 604 2512 horizonti
632 2425 787 2538 paralle-

78 2543 139 2636 lae,
170 2563 215 2626 ut
239 2549 278 2626 in
317 2539 506 2627 schemate
533 2541 790 2649 expressimus,

77 2657 152 2742 five
177 2660 225 2742 ad
250 2655 413 2741 eundem
438 2657 780 2767 perpendiculares:

81 2780 212 2881 prouti
259 2799 399 2881 nempe
440 2769 611 2882 quolibet
637 2777 684 2870 in,
703 2766 788 2859 casu

84 2888 340 2978 commodum
359 2880 479 2978 visum
496 2887 621 2970 fuerit.

162 3032 708 3134 DEMONSTRATIO.

138 3202 284 3294 Eadem
306 3201 358 3288 est
370 3231 461 3290 cum
480 3199 729 3320 precedente.

350 3399 488 3482 Aliter.
528 3423 532 3430 '

12 3559 65 3640 ab.
91 3577 124 3631 1.
143 3545 258 3637 Funis
272 3547 499 3630 cannabinas
515 3537 602 3628 Ac
627 3561 694 3628 aut
709 3571 795 3628 ner·

13 3663 41 3728 Π·
141 3695 213 3752 vus
233 3659 366 3744 fidium
382 3658 497 3743 altera
536 3649 590 3740 sui
624 3665 798 3742 extremi·

13 3755 52 3852 li·
107 3802 222 3890 ⁸rate
251 3801 356 3862 unco
382 3773 513 3856 ferreo
539 3778 576 3852 A
606 3771 795 3882 alligetur,

13 3878 48 3930 ⁸²⁹
145 3896 259 3978 altera
278 3913 383 3970 veto·
398 3885 434 3968 C
452 3892 492 3969 in
509 3907 643 3973 centro
659 3888 794 3972 tabulae

142 4011 266 4116 lignea
283 3995 348 4082 EF
364 3997 653 4118 horizontalittr
667 4001 807 4112 positae·

143 4119 331 4203 firmetur.
578 4151 590 4158 ·
639 4153 644 4187 :

97 4233 266 4342 2.Ptope
281 4221 793 4340 Cinfigaturpondurplum.

873 882 983 968 batur
1009 883 1170 968 circulus
1203 890 1241 962 in
1266 899 1389 986 partes
1406 895 1523 984 quot·

846 1059 851 1071 ,
869 1023 1021 1108 cunque
1036 997 1191 1110 aquales
1203 993 1439 1080 dividendor-

906 1117 1444 1248 annonaranrro.

878 1315 983 1400 Cum
1001 1320 1099 1397 enim
1114 1310 1213 1395 funis
1236 1309 1461 1394 cannabinus
1479 1325 1537 1387 at-

824 1456 901 1538 que
930 1449 1069 1514 ntrvus
1092 1419 1226 1508 fidium
1265 1424 1336 1508 levi
1359 1423 1531 1532 quodam

673 1575 678 1582 ·
825 1543 992 1628 humore
1008 1549 1120 1628 aeris,
1151 1541 1306 1650 qualem
1326 1533 1448 1620 secum
1467 1563 1530 1616 ve-

823 1659 880 1739 hit
899 1658 1037 1744 halitus
1053 1659 1165 1742 oris,
1204 1658 1371 1734 imbutus
1392 1652 1529 1732 veloci·
1639 1736 1641 1746 ,

819 1797 877 1854 rer
894 1785 1219 1880 contorqueatur,
1247 1765 1383 1858 eodem
1399 1783 1527 1846 autent

821 1882 1017 1968 exhalante
1044 1875 1168 1964 rursus
1197 1877 1389 1984 externplo
1414 1873 1531 1958 resol-

821 2000 969 2086 vatur(
978 1991 1254 2096 ff·215·218)a
1289 1993 1440 2074 evidens
1457 1989 1530 2080 est,
1610 2093 1615 2100 ι

823 2103 932 2224 quod
950 2108 1117 2192 humore
1153 2111 1244 2205 aeris
1281 2105 1399 2188 aucto
1421 2107 1533 2188 index
1590 2109 1618 2132 '⁸

826 2227 1075 2337 quantitatem
1092 2218 1343 2302 contorsronis
1359 2217 1417 2302 vel
1433 2211 1535 2302 reso·

827 2339 980 2420 lutionis
998 2332 1237 2445 monstrare,
1263 2324 1537 2440 consequenter
1684 2324 1689 2332 ’

831 2445 1117 2534 humiditatis&
1135 2447 1304 2529 siccitatis
1331 2453 1540 2529 incremen-

830 2587 869 2649 ta
884 2562 1047 2646 indicare
1063 2561 1211 2644 debeat.
1259 2557 1325 2642 Est
1351 2568 1463 2670 igitur
1487 2567 1544 2642 in·

830 2679 1085 2764 strumentum
1133 2668 1432 2783 hygroscopium
1478 2685 1566 2788 (ff.¹

831 2791 946 2902 197)·
995 2783 1150 2902 aaa.

1103 2953 1237 3035 aliter.

836 3101 868 3182 t,
895 3085 1012 3173 Funis
1028 3093 1252 3174 cannabinus
1268 3109 1335 3174 aut
1348 3117 1483 3175 nervus
1499 3089 1541 3174 fi·
1554 3087 1641 3163 Tab.
1708 3129 1715 3138 ·

828 3255 833 3264 ·
891 3205 995 3287 diunt
1013 3201 1068 3286 HI
1093 3207 1212 3288 altero
1228 3201 1281 3289 sui
1298 3223 1469 3290 extremo
1482 3199 1541 3288 su·
1558 3197 1612 3305 HJ·

893 3312 1098 3426 spendatur
1116 3347 1160 3402 ex
1184 3347 1288 3402 unco
1304 3319 1353 3404 H.
1555 3294 1621 3386 ΡΨ·

839 3461 878 3512 t.
907 3431 1029 3516 Alteri
1067 3438 1291 3515 extremitati
1326 3412 1618 3516 tanneris*

892 3551 958 3628 tur
991 3546 1125 3652 globus
1160 3545 1199 3627 K
1250 3554 1357 3632 unius
1389 3544 1545 3630 ⁴circiter

891 3659 999 3742 librar.

836 3799 876 3876 3.
903 3769 1046 3854 Limho
1072 3770 1287 3876 pedamenti
1317 3773 1400 3854 [Μ
1421 3765 1544 3856 inseri-
1689 3795 1695 3802 '

891 3888 1029 3968 bantur
1063 3885 1145 3968 duae
1177 3887 1395 3994 peripheria
1419 3889 1546 3972 circuli

891 4000 1069 4110 parallelae
1094 3995 1132 4077 δι
1154 3997 1312 4105 spatium
1333 4005 1547 4082 intermedi-

892 4127 960 4195 um
978 4120 1014 4192 in
1026 4133 1148 4218 partes
1156 4135 1407 4224 quotcunque
1423 4141 1544 4222 aqua·

892 4227 942 4312 les
955 4223 1158 4312 dividatur.
1615 4231 1619 4240 '

1400 4369 1440 4443 4.
1456 4342 1552 4426 Glo-
