3830 4992
285 379 303 396 ·’
366 349 449 460 '356
745 367 748 372 ’
878 331 1300 432 Pinetam.

368 542 548 682 majori
574 545 672 680 iure
697 535 869 643 locum
888 509 1034 640 semel
1062 535 1298 678 adeptum
1327 564 1526 650 tuetur,
1573 535 1714 676 quod
1728 541 1846 677 Hy.

73 747 78 768 ·
178 627 181 639 Ι
218 773 221 778 .
368 681 585 788 druulica
606 675 799 782 dudum
822 673 872 777 i'n
908 670 1156 781 Mathefin
1188 705 1385 815 recepta
1419 680 1468 779 in
1494 678 1661 781 multis
1695 711 1851 821 opem

374 817 747 962 ejus'itbplotet.
821 813 1270 949 Qemadmodum
1285 818 1421 918 enim
1441 819 1765 925 Adrumetriae
1785 819 1854 924 fa·

248 1087 255 1108 ¹
371 995 488 1070 cem
510 957 704 1104 praefert
722 954 1113 1094 Hydtostatica3
1149 957 1217 1058 ita
1247 958 1562 1059 A'e‘tomettia
1581 957 1848 1090 Hydrauli.

379 1137 493 1209 cam
513 1098 723 1202 iilustrat
795 1097 1086 1234 Antequam
1123 1097 1276 1238 igitur
1289 1092 1351 1196 ad
1369 1099 1733 1202 A’e'tomettiam
1758 1106 1851 1212 ani.

209 1351 211 1358 ,
374 1273 524 1348 mum
546 1235 772 1380 appellas,
790 1232 1157 1371 Hydtostatica:
1178 1233 1500 1378 dogmatibus
1522 1235 1739 1340 eunde-m
1761 1244 1850 1342 im.

375 1377 499 1489 buas
522 1374 756 1518 opusesb
860 1377 1151 1518 Antequam
1181 1373 1242 1476 ad
1284 1373 1643 1510 Hydrauiicam
1669 1377 1847 1518 pedem

218 1572 220 1580 ·
376 1549 697 1665 promoveas,
720 1514 1087 1619 A‘e'rometriam
1105 1513 1228 1628 Tibi
1255 1513 1439 1616 sociam
1458 1517 1633 1658 jungas
1651 1552 1678 1617 e
1698 1541 1848 1622 retua

378 1650 1086 1790 omninoessedeptehendes.
1155 1650 1441 1794 Jucundum
1472 1653 1674 1758 vcroest
1692 1661 1846 1759 Αὲτο.

376 1796 569 1901 metriae
597 1791 831 1911 studium,
846 1791 1080 1928 idemque
1098 1787 1425 1897 utilissimum,
1447 1823 1554 1896 tutn
1574 1795 1716 1933 quod
1736 1797 1843 1898 inde

326 2030 330 2040 ,
376 1937 508 2040 tatio
545 1933 874 2074 plurimorum
907 1929 1116 2034 Naturae
1150 1929 1600 2066 phaenomenotum
1640 1933 1846 2038 desumi·

332 2157 335 2164 .
375 2105 479 2188 tur,
497 2103 607 2177 tum
625 2067 1031 2210 quodvatiarum
1057 2067 1399 2212 machinarum
1428 2073 1846 2179 acinsttumento·

378 2244 496 2320 tum
523 2211 756 2315 sttuduta
777 2209 828 2311 in
849 2243 904 2310 ea
924 2210 1224 2313 dominetur.
1296 2218 1365 2318 Ut
1384 2206 1612 2316 brevitati
1631 2217 1849 2328 consula·

266 2462 271 2469 x
380 2365 465 2458 tut
485 2355 539 2460 dc
558 2347 811 2482 sequentia
829 2347 1233 2452 antecedentibus
1254 2351 1581 2488 respondeant
1600 2383 1617 2466 3
1655 2387 1761 2458 non
1781 2360 1850 2460 in-

374 2521 522 2635 tegra
544 2487 761 2595 exhibeo
788 2487 1108 2596 Aietometriae
1130 2489 1395 2605 elementa,
1435 2525 1545 2630 quae
1571 2527 1686 2598 ante
1706 2497 1847 2636 quin·

270 2629 276 2640 '
420 2665 480 2738 ue
500 2629 598 2731 fere
623 2661 780 2731 annos
802 2659 829 2728 a
851 2659 931 2729 me
951 2626 1080 2730 edita
1103 2627 1202 2731 esse
1220 2627 1376 2731 modo
1398 2625 1622 2746 memini,
1641 2633 1723 2738 sed
1742 2671 1845 2776 que

379 2665 611 2914 digniora
636 2765 829 2903 teiiquis
859 2765 957 2869 visa
977 2767 1111 2880 sunt,
1133 2769 1183 2870 in
1206 2766 1516 2909 compendio
1531 2772 1770 2878 exhibere
1794 2782 1843 2884 dc

288 2969 294 2990 ι
379 2907 630 3013 nonnullis
666 2937 845 3048 augete
883 2901 1144 3038 constitui:
1248 2907 1500 3013 Caeterum
1527 2917 1843 3020 Atrometriae

363 3039 1841 3183 ‘Elementaaequishatumrerum-arbitrisconsentientibus,

380 3186 440 3288 iis
460 3181 772 3324 potisfimum
796 3180 1126 3306 commendo,
1140 3185 1317 3322 quibus
1340 3221 1470 3294 curae
1491 3192 1845 3337 cordique-fue·

373 3325 462 3440 tit,
482 3321 543 3426 ad
563 3325 903 3461 expetimenta
921 3325 1165 3468 applicate
1196 3321 1463 3444 Mathefin·
1563 3338 1722 3447 Hunc
1752 3339 1844 3442 ftu-

380 3462 519 3568 &utn
543 3459 735 3604 cupidis
751 3464 1010 3602 polliceor,
1028 3471 1150 3584 &ut
1166 3466 1383 3613 tundent
1401 3471 1841 3620 cousequantutex

380 3602 557 3714 animo
580 3635 840 3752 apprectu.
891 3657 896 3675 ·
